<record><leader>00000cas a22000007a 4500</leader><controlfield tag="001">1762003</controlfield><controlfield tag="008">751101d19011905mnuwr ne      0    0eng d</controlfield><datafield ind1=" " ind2=" " tag="010"><subfield code="a">sn 90060878 </subfield></datafield><datafield ind1=" " ind2=" " tag="040"><subfield code="a">MUL</subfield><subfield code="b">eng</subfield><subfield code="c">MUL</subfield><subfield code="d">MN#</subfield><subfield code="d">OCL</subfield><subfield code="d">OCLCQ</subfield><subfield code="d">OCLCF</subfield><subfield code="d">OCLCO</subfield></datafield><datafield ind1=" " ind2=" " tag="042"><subfield code="a">msc</subfield></datafield><datafield ind1=" " ind2=" " tag="043"><subfield code="a">n-us-mn</subfield></datafield><datafield ind1=" " ind2=" " tag="052"><subfield code="a">4144</subfield><subfield code="b">P275</subfield></datafield><datafield ind1=" " ind2=" " tag="052"><subfield code="a">4143</subfield><subfield code="b">K5</subfield></datafield><datafield ind1="0" ind2="4" tag="245"><subfield code="a">The Pelan advocate.</subfield></datafield><datafield ind1=" " ind2=" " tag="260"><subfield code="a">Pelan, Kittson County, Minn. :</subfield><subfield code="b">Grindeland &amp; Forsberg,</subfield><subfield code="c">-1905.</subfield></datafield><datafield ind1=" " ind2=" " tag="300"><subfield code="a">v.</subfield></datafield><datafield ind1=" " ind2=" " tag="310"><subfield code="a">Weekly</subfield></datafield><datafield ind1="1" ind2=" " tag="362"><subfield code="a">Began in 1901?</subfield></datafield><datafield ind1="0" ind2=" " tag="362"><subfield code="a">-v. 5, no. 3 (July 12, 1905).</subfield></datafield><datafield ind1=" " ind2=" " tag="530"><subfield code="a">Available on microfilm from the Minnesota Historical Society.</subfield></datafield><datafield ind1=" " ind2=" " tag="588"><subfield code="a">Description based on: Vol. 2, no. 49 (May 27, 1903).</subfield></datafield><datafield ind1=" " ind2="0" tag="651"><subfield code="a">Pelan (Minn.)</subfield><subfield code="v">Newspapers.</subfield></datafield><datafield ind1=" " ind2="7" tag="655"><subfield code="a">Newspapers.</subfield><subfield code="2">fast</subfield><subfield code="0">(OCoLC)fst01423814</subfield></datafield><datafield ind1=" " ind2="7" tag="651"><subfield code="a">Minnesota</subfield><subfield code="z">Pelan.</subfield><subfield code="2">fast</subfield><subfield code="0">(OCoLC)fst01237610</subfield></datafield><datafield ind1=" " ind2=" " tag="752"><subfield code="a">United States</subfield><subfield code="b">Minnesota</subfield><subfield code="c">Kittson</subfield><subfield code="d">Pelan.</subfield></datafield><datafield ind1="0" ind2="5" tag="780"><subfield code="t">Pelan post</subfield><subfield code="w">(DLC)sn 90060877</subfield></datafield><datafield ind1="0" ind2="0" tag="785"><subfield code="t">Karlstad advocate</subfield><subfield code="w">(DLC)sn 90060881</subfield></datafield></record>